<record><leader>00000cas a22000007a 4500</leader><controlfield tag="001">30057027</controlfield><controlfield tag="008">940330d18831901vauwr ne      0    0eng d</controlfield><datafield ind1=" " ind2=" " tag="010"><subfield code="a">sn 94059301 </subfield></datafield><datafield ind1=" " ind2=" " tag="040"><subfield code="a">NVK</subfield><subfield code="b">eng</subfield><subfield code="c">NVK</subfield><subfield code="d">OCL</subfield><subfield code="d">NVK</subfield><subfield code="d">OCLCQ</subfield><subfield code="d">DLC</subfield></datafield><datafield ind1=" " ind2=" " tag="043"><subfield code="a">n-us-va</subfield></datafield><datafield ind1="0" ind2="0" tag="245"><subfield code="a">Abingdon weekly Virginian.</subfield></datafield><datafield ind1=" " ind2=" " tag="260"><subfield code="a">Abingdon, Va. :</subfield><subfield code="b">Geo. W. Gary</subfield></datafield><datafield ind1=" " ind2=" " tag="300"><subfield code="a">v.</subfield></datafield><datafield ind1=" " ind2=" " tag="310"><subfield code="a">Weekly</subfield></datafield><datafield ind1="1" ind2=" " tag="362"><subfield code="a">Began in Mar. 1883.</subfield></datafield><datafield ind1="0" ind2=" " tag="362"><subfield code="a">-v. 68, no. 62 (Feb. 28, 1901).</subfield></datafield><datafield ind1=" " ind2=" " tag="500"><subfield code="a">Publisher varies: Abingdon Publishing Co., Feb. 10, 1890-</subfield></datafield><datafield ind1=" " ind2=" " tag="515"><subfield code="a">Numerous irregularities in numbering.</subfield></datafield><datafield ind1=" " ind2=" " tag="530"><subfield code="a">Also issued on microfilm from the University of Virginia.</subfield></datafield><datafield ind1=" " ind2=" " tag="588"><subfield code="a">Description based on: Vol. 1, no. 2 (Mar. 8, 1883).</subfield></datafield><datafield ind1=" " ind2=" " tag="588"><subfield code="a">Latest issue consulted: Vol. 8, no. 36 (Nov. 14, 1890).</subfield></datafield><datafield ind1=" " ind2="0" tag="651"><subfield code="a">Abingdon (Va.)</subfield><subfield code="v">Newspapers.</subfield></datafield><datafield ind1=" " ind2=" " tag="752"><subfield code="a">United States</subfield><subfield code="b">Virginia</subfield><subfield code="c">Washington</subfield><subfield code="d">Abingdon.</subfield></datafield><datafield ind1="0" ind2=" " tag="775"><subfield code="t">Daily Abingdon Virginia</subfield><subfield code="w">(DLC)sn 90069184</subfield></datafield><datafield ind1="0" ind2="0" tag="780"><subfield code="t">Abingdon Virginian (Abingdon, Va. : 1849)</subfield><subfield code="x">2163-7245</subfield><subfield code="w">(DLC)sn 84025980</subfield><subfield code="w">(OCoLC)10873381</subfield></datafield><datafield ind1="0" ind2="5" tag="780"><subfield code="t">Abingdon Standard (Abingdon, Va.)</subfield><subfield code="w">(DLC)sn 90069213</subfield></datafield><datafield ind1="0" ind2="0" tag="785"><subfield code="t">Abingdon Virginian (Abingdon, Va. : 1901)</subfield><subfield code="w">(DLC)sn 94059300</subfield></datafield></record>